@book{steinberg,
  author = "Steinberg, Benjamin",
  title = "Representation Theory of Finite Groups: An Introductory Approach",
  publisher = {Springer},
  address = {Ottawa},
  year = 2012
}

@misc{nlabRT,
  author = "Various",
  title = "representation theory in nLab",
  url = "https://ncatlab.org/nlab/show/representation+theory#InHomotopyTypeTheory"
}
